@Book{takamura10,
  author = 	 {高村 大也},
  editor = 	 {奥村 学},
  title = 	 {言語処理のための機械学習入門},
  publisher = 	 {コロナ社},
  year = 	 {2010},
  OPTkey = 	 {},
  OPTvolume = 	 {},
  OPTnumber = 	 {1},
  series = 	 {自然言語処理シリーズ 1},
  OPTaddress = 	 {},
  OPTedition = 	 {},
  OPTmonth = 	 {},
  OPTnote = 	 {},
  OPTannote = 	 {}
}
@Book{kita99,
  author = 	 {北 研二},
  editor = 	 {辻井 潤一},
  title = 	 {確率的言語モデル},
  publisher = 	 {東京大学出版会},
  year = 	 {1999},
  OPTkey = 	 {},
  OPTvolume = 	 {},
  OPTnumber = 	 {},
  series = 	 {言語と計算 4},
  OPTaddress = 	 {},
  OPTedition = 	 {},
  OPTmonth = 	 {},
  OPTnote = 	 {},
  OPTannote = 	 {}
}
